@INPROCEEDINGS{Tolle05amacroscope,
    author = {Gilman Tolle and Joseph Polastre and Robert Szewczyk and David Culler and Neil Turner and Kevin Tu and Stephen Burgess and Todd Dawson and Phil Buonadonna and David Gay and Wei Hong},
    title = {A Macroscope in the Redwoods},
    booktitle = {In Proceedings of the 3rd ACM Conference on Embedded Networked Sensor Systems (SenSys)},
    year = {2005},
    pages = {51--63},
    publisher = {ACM Press}
}
